@misc{powergadget,
  title        = {{Intel Power Gadget} Official documentation},
  howpublished = {\url{https://www.intel.com/content/www/us/en/developer/articles/tool/power-gadget.html}},
  note         = {Accessed: 09/22/2022}
}

@misc{powergadget_api,
  title        = {{Using the Intel Power Gadget 3.0 API on Windows}},
  howpublished = {\url{https://www.intel.com/content/www/us/en/developer/articles/training/using-the-intel-power-gadget-30-api-on-windows.html}},
  note         = {Accessed: 09/22/2022}
}
@misc{E3WinHec,
  title        = {{WinHEC 2015 12/4/2017}},
  howpublished = {\url{https://slideplayer.com/slide/12250080/}},
  year         = {{Accessed: 09/23/2022}}
}
